<?xml version="1.0" encoding="UTF-8"?><record xmlns="http://www.loc.gov/MARC21/slim" xmlns:cinclude="http://apache.org/cocoon/include/1.0" xmlns:zs="http://www.loc.gov/zing/srw/">
  <leader>00392nz  a2200121n  4500</leader>
  <controlfield tag="001">n  89668633 </controlfield>
  <controlfield tag="003">DLC</controlfield>
  <controlfield tag="005">19891201101636.0</controlfield>
  <controlfield tag="008">891201n| acannaab|          |n aad |||  </controlfield>
  <datafield tag="010" ind1=" " ind2=" ">
    <subfield code="a">n  89668633 </subfield>
  </datafield>
  <datafield tag="040" ind1=" " ind2=" ">
    <subfield code="a">DLC</subfield>
    <subfield code="c">DLC</subfield>
  </datafield>
  <datafield tag="100" ind1="1" ind2="0">
    <subfield code="a">Mandt, Lawrence J.,</subfield>
    <subfield code="d">1946-</subfield>
  </datafield>
  <datafield tag="670" ind1=" " ind2=" ">
    <subfield code="a">nuc89-103430: His Adult daughters of alcoholics, 1986</subfield>
    <subfield code="b">(hdg. on InNd rept.: Mandt, Lawrence J., 1946- ; usage: Lawrence J. Mandt)</subfield>
  </datafield>
</record>